@Manual{,
    title = {flipbookr: Parses code, creates partial code builds, delivers code movie},
    author = {Evangeline "Gina" Reynolds},
    year = {2020},
    note = {R package version 0.1.0},
}
@Book{,
    author = {Hadley Wickham},
    title = {ggplot2: Elegant Graphics for Data Analysis},
    publisher = {Springer-Verlag New York},
    year = {2016},
    isbn = {978-3-319-24277-4},
    url = {https://ggplot2.tidyverse.org},
}